<?xml version="1.0" encoding="UTF-8"?><collection xmlns="http://www.loc.gov/MARC21/slim"><record><leader>00388nam--2200133-i-4500</leader><controlfield tag="001">000039615</controlfield><controlfield tag="002">20161230</controlfield><controlfield tag="005">20161230201042</controlfield><controlfield tag="008">060222s1000------------r-----000-0-eng-d</controlfield><datafield ind1=" " ind2=" " tag="080"><subfield code="a">621.039.51.12</subfield></datafield><datafield ind1=" " ind2=" " tag="100"><subfield code="a">Rosescu, Teodor</subfield></datafield><datafield ind1=" " ind2=" " tag="245"><subfield code="a">Metoda nucleelor integrale in fizica reactorilor nucleari</subfield></datafield><datafield ind1=" " ind2=" " tag="260"><subfield code="a">Bucuresti, Ed.Acad.Republicii Socialiste Romania, 1966, 799-844p</subfield></datafield><datafield ind1=" " ind2=" " tag="852"><subfield code="a">24993</subfield></datafield></record></collection>